<?xml version="1.0" encoding="UTF-8"?><record xmlns="http://www.loc.gov/MARC21/slim" xmlns:cinclude="http://apache.org/cocoon/include/1.0" xmlns:zs="http://www.loc.gov/zing/srw/">
  <leader>00437cz  a2200133n  4500</leader>
  <controlfield tag="001">n  98053338 </controlfield>
  <controlfield tag="003">DLC</controlfield>
  <controlfield tag="005">19980612092823.1</controlfield>
  <controlfield tag="008">980611n| acannaab|          |a aaa |||  </controlfield>
  <datafield tag="010" ind1=" " ind2=" ">
    <subfield code="a">n  98053338 </subfield>
  </datafield>
  <datafield tag="040" ind1=" " ind2=" ">
    <subfield code="a">DLC</subfield>
    <subfield code="c">DLC</subfield>
    <subfield code="d">DLC</subfield>
  </datafield>
  <datafield tag="100" ind1="1" ind2="0">
    <subfield code="a">Le Rond, Henri Luis Edouard,</subfield>
    <subfield code="d">1864-1949</subfield>
  </datafield>
  <datafield tag="400" ind1="1" ind2="0">
    <subfield code="a">Rond, Henri Luis Edouard Le,</subfield>
    <subfield code="d">1864-1949</subfield>
  </datafield>
  <datafield tag="670" ind1=" " ind2=" ">
    <subfield code="a">GeneraĹ Henri Le Rond, 1996:</subfield>
    <subfield code="b">p. 16 (Henri Luis Edouard Le Rond; b. 10/09/1864) p. 28 (d. 05/29/49)</subfield>
  </datafield>
</record>